@inproceedings{clark2004parsing,
  title={Parsing the WSJ using CCG and log-linear models},
  author={Clark, Stephen and Curran, James R},
  booktitle={Proceedings of the 42nd Annual Meeting of the Association for Computational Linguistics (ACL-04)},
  pages={103--110},
  year={2004}
}

@inproceedings{lewis2014ccg,
  title={A* CCG parsing with a supertag-factored model},
  author={Lewis, Mike and Steedman, Mark},
  booktitle={Proceedings of the 2014 Conference on Empirical Methods in Natural Language Processing (EMNLP)},
  pages={990--1000},
  year={2014}
}

@article{eisner1996efficient,
  title={Efficient normal-form parsing for Combinatory Categorial Grammar},
  author={Eisner, Jason},
  journal={arXiv preprint cmp-lg/9605038},
  year={1996}
}
